<record><leader>00000cas a22000007a 4500</leader><controlfield tag="001">24072152</controlfield><controlfield tag="008">910715d19611968nhuen ne      0    0eng d</controlfield><datafield ind1=" " ind2=" " tag="010"><subfield code="a">sn 91063083 </subfield></datafield><datafield ind1=" " ind2=" " tag="040"><subfield code="a">NVH</subfield><subfield code="b">eng</subfield><subfield code="c">NVH</subfield><subfield code="d">OCLCQ</subfield></datafield><datafield ind1=" " ind2=" " tag="042"><subfield code="a">msc</subfield></datafield><datafield ind1="0" ind2="4" tag="245"><subfield code="a">The Campus crier.</subfield></datafield><datafield ind1="3" ind2="0" tag="246"><subfield code="a">Campus notes</subfield></datafield><datafield ind1=" " ind2=" " tag="260"><subfield code="a">[Manchester, N.H. :</subfield><subfield code="b">Saint Anselm's College]</subfield></datafield><datafield ind1=" " ind2=" " tag="300"><subfield code="a">v.</subfield></datafield><datafield ind1=" " ind2=" " tag="310"><subfield code="a">Biweekly (except vacations),</subfield><subfield code="b">Feb. 14, 1963-May 16, 1968</subfield></datafield><datafield ind1=" " ind2=" " tag="321"><subfield code="a">Weekly (except vacations),</subfield><subfield code="b">Nov. 20, 1961-Jan. 16, 1963</subfield></datafield><datafield ind1="1" ind2=" " tag="362"><subfield code="a">Began in 1961.</subfield></datafield><datafield ind1="0" ind2=" " tag="362"><subfield code="a">-v.7, no. 8 (May 16, 1968).</subfield></datafield><datafield ind1=" " ind2=" " tag="500"><subfield code="a">Preceded by unnumbered issue titled: Campus notes, Nov. 5, 1961.</subfield></datafield><datafield ind1=" " ind2=" " tag="500"><subfield code="a">Published during the academic year, except vacations.</subfield></datafield><datafield ind1=" " ind2=" " tag="588"><subfield code="a">Description based on: Vol. 1, no. 2 (Nov. 20, 1961).</subfield></datafield><datafield ind1=" " ind2=" " tag="752"><subfield code="a">United States</subfield><subfield code="b">New Hampshire</subfield><subfield code="c">Hillsborough</subfield><subfield code="d">Manchester.</subfield></datafield><datafield ind1="0" ind2="0" tag="785"><subfield code="t">Crier (Manchester, N.H. : 1968)</subfield><subfield code="w">(DLC)sn 91063084</subfield></datafield><datafield ind1="1" ind2=" " tag="029"><subfield code="a">AU@</subfield><subfield code="b">000025899032</subfield></datafield></record>